@article{Arkani-Hamed:2019mrd,
      author         = "Arkani-Hamed, Nima and He, Song and Lam, Thomas",
      title          = "{Stringy Canonical Forms}",
      year           = "2019",
      eprint         = "1912.08707",
      archivePrefix  = "arXiv",
      primaryClass   = "hep-th",
      SLACcitation   = "%%CITATION = ARXIV:1912.08707;%%"
}

@article{Heinrich:2008si,
      author         = "Heinrich, Gudrun",
      title          = "{Sector Decomposition}",
      journal        = "Int. J. Mod. Phys.",
      volume         = "A23",
      year           = "2008",
      pages          = "1457-1486",
      doi            = "10.1142/S0217751X08040263",
      eprint         = "0803.4177",
      archivePrefix  = "arXiv",
      primaryClass   = "hep-ph",
      reportNumber   = "IPPP-08-16, DCPT-08-32",
      SLACcitation   = "%%CITATION = ARXIV:0803.4177;%%"
}

@incollection{spivakovsky1983solution,
  title={A solution to Hironakaâ€™s polyhedra game},
  author={Spivakovsky, Mark},
  booktitle={Arithmetic and geometry},
  pages={419--432},
  year={1983},
  publisher={Springer}
}

@article{hironaka1967,
author = "Hironaka, Heisuke",
doi = "10.1215/kjm/1250524227",
fjournal = "Journal of Mathematics of Kyoto University",
journal = "J. Math. Kyoto Univ.",
number = "3",
pages = "251--293",
publisher = "Duke University Press",
title = "Characteristic polyhedra of singularities",
url = "https://doi.org/10.1215/kjm/1250524227",
volume = "7",
year = "1967"
}

@article{Li:2018mnq,
      author         = "Li, Zhenjie and Zhang, Chi",
      title          = "{Moduli Space of Paired Punctures, Cyclohedra and
                        Particle Pairs on a Circle}",
      journal        = "JHEP",
      volume         = "05",
      year           = "2019",
      pages          = "029",
      doi            = "10.1007/JHEP05(2019)029",
      eprint         = "1812.10727",
      archivePrefix  = "arXiv",
      primaryClass   = "hep-th",
      SLACcitation   = "%%CITATION = ARXIV:1812.10727;%%"
}

@article{Arkani-Hamed:2017tmz,
      author         = "Arkani-Hamed, Nima and Bai, Yuntao and Lam, Thomas",
      title          = "{Positive Geometries and Canonical Forms}",
      journal        = "JHEP",
      volume         = "11",
      year           = "2017",
      pages          = "039",
      doi            = "10.1007/JHEP11(2017)039",
      eprint         = "1703.04541",
      archivePrefix  = "arXiv",
      primaryClass   = "hep-th",
      SLACcitation   = "%%CITATION = ARXIV:1703.04541;%%"
}

@book{zeillinger2005polyederspiele,
  title={Polyederspiele und Aufl{\"o}sen von Singularit{\"a}ten},
  author={Zeillinger, Dominik},
  year={2005},
  publisher={na}
}

@article{zeillinger2006short,
  title={A short solution to Hironaka's polyhedra game},
  author={Zeillinger, Dominik},
  journal={ENSEIGNEMENT MATHEMATIQUE},
  volume={52},
  number={1/2},
  pages={143},
  year={2006},
  publisher={SWETS \& ZEITLINGER}
}

@article{bogner2009mathematical,
  title={Mathematical aspects of Feynman integrals},
  author={Bogner, Christian},
  journal={PhD (Mainz, 2009)},
  year={2009}
}

@article{hauser2003hironaka,
  title={The Hironaka theorem on resolution of singularities (or: A proof we always wanted to understand)},
  author={Hauser, Herwig},
  journal={Bulletin of the American Mathematical Society},
  volume={40},
  number={3},
  pages={323--403},
  year={2003}
}

@article{Kaneko:2009qx,
      author         = "Kaneko, Toshiaki and Ueda, Takahiro",
      title          = "{A Geometric method of sector decomposition}",
      journal        = "Comput. Phys. Commun.",
      volume         = "181",
      year           = "2010",
      pages          = "1352-1361",
      doi            = "10.1016/j.cpc.2010.04.001",
      eprint         = "0908.2897",
      archivePrefix  = "arXiv",
      primaryClass   = "hep-ph",
      SLACcitation   = "%%CITATION = ARXIV:0908.2897;%%"
}

@article{Binoth:2000ps,
      author         = "Binoth, T. and Heinrich, G.",
      title          = "{An automatized algorithm to compute infrared divergent
                        multiloop integrals}",
      journal        = "Nucl. Phys.",
      volume         = "B585",
      year           = "2000",
      pages          = "741-759",
      doi            = "10.1016/S0550-3213(00)00429-6",
      eprint         = "hep-ph/0004013",
      archivePrefix  = "arXiv",
      primaryClass   = "hep-ph",
      reportNumber   = "LAPTH-789-00, LPT-ORSAY-00-37",
      SLACcitation   = "%%CITATION = HEP-PH/0004013;%%"
}

@article{Binoth:2003ak,
      author         = "Binoth, T. and Heinrich, G.",
      title          = "{Numerical evaluation of multiloop integrals by sector
                        decomposition}",
      journal        = "Nucl. Phys.",
      volume         = "B680",
      year           = "2004",
      pages          = "375-388",
      doi            = "10.1016/j.nuclphysb.2003.12.023",
      eprint         = "hep-ph/0305234",
      archivePrefix  = "arXiv",
      primaryClass   = "hep-ph",
      reportNumber   = "EDINBURGH-2003-06, IPPP-03-28, DCPT-03-56",
      SLACcitation   = "%%CITATION = HEP-PH/0305234;%%"
}

@article{He:2020ray,
      author         = "He, Song and Ren, Lecheng and Zhang, Yong",
      title          = "{Notes on polytopes, amplitudes and boundary
                        configurations for Grassmannian string integrals}",
      year           = "2020",
      eprint         = "2001.09603",
      archivePrefix  = "arXiv",
      primaryClass   = "hep-th",
      SLACcitation   = "%%CITATION = ARXIV:2001.09603;%%"
}


@book{shafarevich1994basic,
  title={Basic algebraic geometry},
  author={Shafarevich, Igor' Rostislavovich},
  volume={1},
  year={1994},
  publisher={Springer}
}

@article{Mafra:2016mcc,
      author         = "Mafra, Carlos R. and Schlotterer, Oliver",
      title          = "{Non-abelian $Z$-theory: Berends-Giele recursion for the
                        $\alpha'$-expansion of disk integrals}",
      journal        = "JHEP",
      volume         = "01",
      year           = "2017",
      pages          = "031",
      doi            = "10.1007/JHEP01(2017)031",
      eprint         = "1609.07078",
      archivePrefix  = "arXiv",
      primaryClass   = "hep-th",
      SLACcitation   = "%%CITATION = ARXIV:1609.07078;%%"
}



@article{Panzer:2019yxl,
      author         = "Panzer, Erik",
      title          = "{Hepp's bound for Feynman graphs and matroids}",
      year           = "2019",
      eprint         = "1908.09820",
      archivePrefix  = "arXiv",
      primaryClass   = "math-ph",
      SLACcitation   = "%%CITATION = ARXIV:1908.09820;%%"
}


@article{Arkani-Hamed:2019plo,
      author         = "Arkani-Hamed, Nima and He, Song and Lam, Thomas and
                        Thomas, Hugh",
      title          = "{Binary Geometries, Generalized Particles and Strings,
                        and Cluster Algebras}",
      year           = "2019",
      eprint         = "1912.11764",
      archivePrefix  = "arXiv",
      primaryClass   = "hep-th",
      SLACcitation   = "%%CITATION = ARXIV:1912.11764;%%"
}


@article{fomin2007cluster,
  title={Cluster algebras IV: coefficients},
  author={Fomin, Sergey and Zelevinsky, Andrei},
  journal={Compositio Mathematica},
  volume={143},
  number={1},
  pages={112--164},
  year={2007},
  publisher={London Mathematical Society}
}

@article{Smirnov:2008py,
      author         = "Smirnov, A. V. and Tentyukov, M. N.",
      title          = "{Feynman Integral Evaluation by a Sector decomposiTion
                        Approach (FIESTA)}",
      journal        = "Comput. Phys. Commun.",
      volume         = "180",
      year           = "2009",
      pages          = "735-746",
      doi            = "10.1016/j.cpc.2008.11.006",
      eprint         = "0807.4129",
      archivePrefix  = "arXiv",
      primaryClass   = "hep-ph",
      reportNumber   = "TTP08-32, SFB-CPP-08-53",
      SLACcitation   = "%%CITATION = ARXIV:0807.4129;%%"
}

@article{Ueda:2009xx,
      author         = "Ueda, Takahiro and Fujimoto, Junpei",
      title          = "{New implementation of the sector decomposition on FORM}",
      booktitle      = "{Proceedings, 12th International Workshop on Advanced
                        computing and analysis techniques in physics research
                        (ACAT 2008): Erice, Italy, November 3-7, 2008}",
      journal        = "PoS",
      volume         = "ACAT08",
      year           = "2008",
      pages          = "120",
      doi            = "10.22323/1.070.0120",
      eprint         = "0902.2656",
      archivePrefix  = "arXiv",
      primaryClass   = "hep-ph",
      reportNumber   = "KEK-CP-220",
      SLACcitation   = "%%CITATION = ARXIV:0902.2656;%%"
}


